@article{rossion1999spatio,
  title={Spatio-temporal localization of the face inversion effect: an event-related potentials study},
  author={Rossion, Bruno and Delvenne, J-F and Debatisse, D and Goffaux, Val{\'e}rie and Bruyer, Raymond and Crommelinck, Marc and Gu{\'e}rit, J-M},
  journal={Biological psychology},
  volume={50},
  number={3},
  pages={173--189},
  year={1999},
  publisher={Elsevier}
}
