@article{o2010tweets,
  title={From tweets to polls: Linking text sentiment to public opinion time series.},
  author={O'Connor, Brendan and Balasubramanyan, Ramnath and Routledge, Bryan R and Smith, Noah A},
  journal={ICWSM},
  volume={11},
  pages={122--129},
  year={2010}
}
@inproceedings{bollen2011modeling,
  title={Modeling public mood and emotion: Twitter sentiment and socio-economic phenomena.},
  author={Bollen, Johan and Mao, Huina and Pepe, Alberto},
  booktitle={ICWSM},
  year={2011}
}
@article{bollen2011twitter,
  title={Twitter mood predicts the stock market},
  author={Bollen, Johan and Mao, Huina and Zeng, Xiaojun},
  journal={Journal of Computational Science},
  volume={2},
  number={1},
  pages={1--8},
  year={2011},
  publisher={Elsevier}
}
@article{zhang2011predicting,
  title={Predicting stock market indicators through twitter “I hope it is not as bad as I fear”},
  author={Zhang, Xue and Fuehres, Hauke and Gloor, Peter A},
  journal={Procedia-Social and Behavioral Sciences},
  volume={26},
  pages={55--62},
  year={2011},
  publisher={Elsevier}
}
