% This file was created with JabRef 2.5.
% Encoding: UTF-8
@article{kaplan2010users,
  title={Users of the world, unite! The challenges and opportunities of Social Media},
  author={Kaplan, Andreas M and Haenlein, Michael},
  journal={Business horizons},
  volume={53},
  number={1},
  pages={59--68},
  year={2010},
  publisher={Elsevier}
}

@techreport{shi2011content,
  title={Content Sharing in a Social Broadcasting Environment: Evidences from Twitter},
  author={Shi, Zhan and Rui, Huaxia and Whinston, Andrew},
  year={2011},
  institution={Working Paper, University of Texas at Austin}
}

@inproceedings{agichtein2008finding,
  title={Finding high-quality content in social media},
  author={Agichtein, Eugene and Castillo, Carlos and Donato, Debora and Gionis, Aristides and Mishne, Gilad},
  booktitle={Proceedings of the international conference on Web search and web data mining},
  pages={183--194},
  year={2008},
  organization={ACM}
}

@article{zinko2009biz,
  title={What is Biz Stone doing},
  author={Zinko, Carolyne},
  journal={San Francisco Chronicle},
  year={2009}
}

@article{ellison2007social,
  title={Social network sites: Definition, history, and scholarship},
  author={Ellison, Nicole B and others},
  journal={Journal of Computer-Mediated Communication},
  volume={13},
  number={1},
  pages={210--230},
  year={2007},
  publisher={Wiley Online Library}
}

@phdthesis{marlow2005structural,
  title={The structural determinants of media contagion},
  author={Marlow, Cameron Alexander},
  year={2005},
  school={Massachusetts Institute of Technology}
}

@book{o2011twitter,
  title={The twitter book},
  author={O'Reilly, Tim and Milstein, Sarah},
  year={2011},
  publisher={O'Reilly}
}

@inproceedings{honey2009beyond,
  title={Beyond microblogging: Conversation and collaboration via Twitter},
  author={Honey, C and Herring, Susan C},
  booktitle={System Sciences, 2009. HICSS'09. 42nd Hawaii International Conference on},
  pages={1--10},
  year={2009},
  organization={IEEE}
}

@article{golder2006usage,
  title={Usage patterns of collaborative tagging systems},
  author={Golder, Scott A and Huberman, Bernardo A},
  journal={Journal of information science},
  volume={32},
  number={2},
  pages={198--208},
  year={2006},
  publisher={Sage Publications}
}

@article{salton1968automatic,
  title={Automatic information organization and retrieval},
  author={Salton, Gerard},
  year={1968}
}

@article{singhal2001modern,
  title={Modern information retrieval: A brief overview},
  author={Singhal, Amit},
  journal={IEEE Data Eng. Bull.},
  volume={24},
  number={4},
  pages={35--43},
  year={2001}
}

@article{bourne1974analysis,
  title={Analysis of ERIC On-Line File Searching Procedures and Guidelines for Searching. Final Report.},
  author={Bourne, Charles P and others},
  year={1974},
  publisher={ERIC}
}

@article{elman1975cost,
  title={Cost Comparison of Manual and On-Line Computerized Literature Searching.},
  author={Elman, Stanley A},
  journal={Special Libraries},
  volume={66},
  number={1},
  pages={12--18},
  year={1975},
  publisher={ERIC}
}

@article{salton1983extended,
  title={Extended Boolean information retrieval},
  author={Salton, Gerard and Fox, Edward A and Wu, Harry},
  journal={Communications of the ACM},
  volume={26},
  number={11},
  pages={1022--1036},
  year={1983},
  publisher={ACM}
}

@article{salton1975vector,
  title={A vector space model for automatic indexing},
  author={Salton, Gerard and Wong, Anita and Yang, Chung-Shu},
  journal={Communications of the ACM},
  volume={18},
  number={11},
  pages={613--620},
  year={1975},
  publisher={ACM}
}

@article{rosenblatt1958perceptron,
  title={The perceptron: a probabilistic model for information storage and organization in the brain.},
  author={Rosenblatt, Frank},
  journal={Psychological review},
  volume={65},
  number={6},
  pages={386},
  year={1958},
  publisher={American Psychological Association}
}

@phdthesis{stolcke1994bayesian,
  title={Bayesian learning of probabilistic language models},
  author={Stolcke, Andreas},
  year={1994},
  school={University of California, Berkeley}
}

@inproceedings{ponte1998language,
  title={A language modeling approach to information retrieval},
  author={Ponte, Jay M and Croft, W Bruce},
  booktitle={Proceedings of the 21st annual international ACM SIGIR conference on Research and development in information retrieval},
  pages={275--281},
  year={1998},
  organization={ACM}
}

@inproceedings{song1999general,
  title={A general language model for information retrieval},
  author={Song, Fei and Croft, W Bruce},
  booktitle={Proceedings of the eighth international conference on Information and knowledge management},
  pages={316--321},
  year={1999},
  organization={ACM}
}

@inproceedings{lavrenko2001relevance,
  title={Relevance based language models},
  author={Lavrenko, Victor and Croft, W Bruce},
  booktitle={Proceedings of the 24th annual international ACM SIGIR conference on Research and development in information retrieval},
  pages={120--127},
  year={2001},
  organization={ACM}
}

@inproceedings{zhai2001study,
  title={A study of smoothing methods for language models applied to ad hoc information retrieval},
  author={Zhai, Chengxiang and Lafferty, John},
  booktitle={Proceedings of the 24th annual international ACM SIGIR conference on Research and development in information retrieval},
  pages={334--342},
  year={2001},
  organization={ACM}
}

@inproceedings{lafferty2001document,
  title={Document language models, query models, and risk minimization for information retrieval},
  author={Lafferty, John and Zhai, Chengxiang},
  booktitle={Proceedings of the 24th annual international ACM SIGIR conference on Research and development in information retrieval},
  pages={111--119},
  year={2001},
  organization={ACM}
}

@inproceedings{clarke2008novelty,
  title={Novelty and diversity in information retrieval evaluation},
  author={Clarke, Charles LA and Kolla, Maheedhar and Cormack, Gordon V and Vechtomova, Olga and Ashkan, Azin and B{\"u}ttcher, Stefan and MacKinnon, Ian},
  booktitle={Proceedings of the 31st annual international ACM SIGIR conference on Research and development in information retrieval},
  pages={659--666},
  year={2008},
  organization={ACM}
}

@book{croft2010search,
  title={Search engines: Information retrieval in practice},
  author={Croft, W Bruce and Metzler, Donald and Strohman, Trevor},
  year={2010},
  publisher={Addison-Wesley Reading}
}

@inproceedings{hong2011predicting,
  title={Predicting popular messages in twitter},
  author={Hong, Liangjie and Dan, Ovidiu and Davison, Brian D},
  booktitle={Proceedings of the 20th international conference companion on World wide web},
  pages={57--58},
  year={2011},
  organization={ACM}
}

@inproceedings{eisenstein2013bad,
  title={What to do about bad language on the internet},
  author={Eisenstein, Jacob},
  booktitle={Proceedings of NAACL-HLT},
  pages={359--369},
  year={2013}
}

@inproceedings{toutanova2003feature,
  title={Feature-rich part-of-speech tagging with a cyclic dependency network},
  author={Toutanova, Kristina and Klein, Dan and Manning, Christopher D and Singer, Yoram},
  booktitle={Proceedings of the 2003 Conference of the North American Chapter of the Association for Computational Linguistics on Human Language Technology-Volume 1},
  pages={173--180},
  year={2003},
  organization={Association for Computational Linguistics}
}

@techreport{gimpel2010part,
  title={Part-of-speech tagging for twitter: Annotation, features, and experiments},
  author={Gimpel, Kevin and Schneider, Nathan and O'Connor, Brendan and Das, Dipanjan and Mills, Daniel and Eisenstein, Jacob and Heilman, Michael and Yogatama, Dani and Flanigan, Jeffrey and Smith, Noah A},
  year={2010},
  institution={DTIC Document}
}

@inproceedings{owoputi2013improved,
  title={Improved part-of-speech tagging for online conversational text with word clusters},
  author={Owoputi, Olutobi and O’Connor, Brendan and Dyer, Chris and Gimpel, Kevin and Schneider, Nathan and Smith, Noah A},
  booktitle={Proceedings of NAACL-HLT},
  pages={380--390},
  year={2013}
}

@inproceedings{finkel2005incorporating,
  title={Incorporating non-local information into information extraction systems by gibbs sampling},
  author={Finkel, Jenny Rose and Grenager, Trond and Manning, Christopher},
  booktitle={Proceedings of the 43rd Annual Meeting on Association for Computational Linguistics},
  pages={363--370},
  year={2005},
  organization={Association for Computational Linguistics}
}

@inproceedings{ritter2011named,
  title={Named entity recognition in tweets: an experimental study},
  author={Ritter, Alan and Clark, Sam and Etzioni, Oren and others},
  booktitle={Proceedings of the Conference on Empirical Methods in Natural Language Processing},
  pages={1524--1534},
  year={2011},
  organization={Association for Computational Linguistics}
}

@article{foster2011news,
  title={From news to comment: Resources and benchmarks for parsing the language of web 2.0},
  author={Foster, Jennifer and Cetinoglu, Ozlem and Wagner, Joachim and Le Roux, Joseph and Nivre, Joakim and Hogan, Deirdre and VanGenabith, Josef},
  year={2011},
  publisher={Asian Federation of Natural Language Processing}
}

@inproceedings{han2011lexical,
  title={Lexical Normalisation of Short Text Messages: Makn Sens a\# twitter.},
  author={Han, Bo and Baldwin, Timothy},
  booktitle={ACL},
  pages={368--378},
  year={2011}
}

@article{han2013lexical,
  title={Lexical normalization for social media text},
  author={Han, Bo and Cook, Paul and Baldwin, Timothy},
  journal={ACM Transactions on Intelligent Systems and Technology (TIST)},
  volume={4},
  number={1},
  pages={5},
  year={2013},
  publisher={ACM}
}

@inproceedings{han2012automatically,
  title={Automatically constructing a normalisation dictionary for microblogs},
  author={Han, Bo and Cook, Paul and Baldwin, Timothy},
  booktitle={Proceedings of the 2012 Joint Conference on Empirical Methods in Natural Language Processing and Computational Natural Language Learning},
  pages={421--432},
  year={2012},
  organization={Association for Computational Linguistics}
}

@article{liu2011insertion,
  title={Insertion, Deletion, or Substitution? Normalizing Text Messages without Pre-categorization nor Supervision.},
  author={Liu, Fei and Weng, Fuliang and Wang, Bingqing and Liu, Yang},
  journal={ACL (Short Papers)},
  volume={11},
  pages={71--76},
  year={2011}
}

@inproceedings{liu2012joint,
  title={Joint inference of named entity recognition and normalization for tweets},
  author={Liu, Xiaohua and Zhou, Ming and Wei, Furu and Fu, Zhongyang and Zhou, Xiangyang},
  booktitle={Proceedings of the 50th Annual Meeting of the Association for Computational Linguistics: Long Papers-Volume 1},
  pages={526--535},
  year={2012},
  organization={Association for Computational Linguistics}
}

@inproceedings{liu2012broad,
  title={A broad-coverage normalization system for social media language},
  author={Liu, Fei and Weng, Fuliang and Jiang, Xiao},
  booktitle={Proceedings of the 50th Annual Meeting of the Association for Computational Linguistics: Long Papers-Volume 1},
  pages={1035--1044},
  year={2012},
  organization={Association for Computational Linguistics}
}

@inproceedings{Hassan2013,
  title={Social text normalization using contextual graph random walks},
  author={Hassan, Hany and Menezes, Arul}, 
  booktitle={Proceedings of the 51th Annual Meeting of the Association for Computational Linguistics},
  year={2013},
  organization={Association for Computational Linguistics}
}

@inproceedings{finin2010annotating,
  title={Annotating named entities in Twitter data with crowdsourcing},
  author={Finin, Tim and Murnane, Will and Karandikar, Anand and Keller, Nicholas and Martineau, Justin and Dredze, Mark},
  booktitle={Proceedings of the NAACL HLT 2010 Workshop on Creating Speech and Language Data with Amazon's Mechanical Turk},
  pages={80--88},
  year={2010},
  organization={Association for Computational Linguistics}
}

@inproceedings{liu2011recognizing,
  title={Recognizing Named Entities in Tweets.},
  author={Liu, Xiaohua and Zhang, Shaodian and Wei, Furu and Zhou, Ming},
  booktitle={ACL},
  pages={359--367},
  year={2011}
}

@inproceedings{li2012twiner,
  title={TwiNER: named entity recognition in targeted twitter stream},
  author={Li, Chenliang and Weng, Jianshu and He, Qi and Yao, Yuxia and Datta, Anwitaman and Sun, Aixin and Lee, Bu-Sung},
  booktitle={Proceedings of the 35th international ACM SIGIR conference on Research and development in information retrieval},
  pages={721--730},
  year={2012},
  organization={ACM}
}

@article{liu2013named,
  title={Named entity recognition for tweets},
  author={Liu, Xiaohua and Wei, Furu and Zhang, Shaodian and Zhou, Ming},
  journal={ACM Transactions on Intelligent Systems and Technology (TIST)},
  volume={4},
  number={1},
  pages={3},
  year={2013},
  publisher={ACM}
}

@article{liu2012two,
  title={Two-stage NER for tweets with clustering},
  author={Liu, Xiaohua and Zhou, Ming},
  journal={Information Processing \& Management},
  year={2012},
  publisher={Elsevier}
}

@inproceedings{ritter2010unsupervised,
  title={Unsupervised modeling of Twitter conversations},
  author={Ritter, Alan and Cherry, Colin and Dolan, Bill},
  booktitle={Human Language Technologies: The 2010 Annual Conference of the North American Chapter of the Association for Computational Linguistics},
  pages={172--180},
  year={2010},
  organization={Association for Computational Linguistics}
}

@inproceedings{sharifi2010summarizing,
  title={Summarizing microblogs automatically},
  author={Sharifi, Beaux and Hutton, Mark-Anthony and Kalita, Jugal},
  booktitle={Human Language Technologies: The 2010 Annual Conference of the North American Chapter of the Association for Computational Linguistics},
  pages={685--688},
  year={2010},
  organization={Association for Computational Linguistics}
}

@inproceedings{chakrabarti2011event,
  title={Event Summarization Using Tweets.},
  author={Chakrabarti, Deepayan and Punera, Kunal},
  booktitle={ICWSM},
  year={2011}
}

@inproceedings{takamura2011summarizing,
  title={Summarizing a document stream},
  author={Takamura, Hiroya and Yokono, Hikaru and Okumura, Manabu},
  booktitle={Proceedings of the 33rd European conference on Advances in information retrieval},
  pages={177--188},
  year={2011},
  organization={Springer-Verlag}
}

@inproceedings{weng2011imass,
  title={IMASS: an intelligent microblog analysis and summarization system},
  author={Weng, Jui-Yu and Yang, Cheng-Lun and Chen, Bo-Nian and Wang, Yen-Kai and Lin, Shou-De},
  booktitle={Proceedings of the 49th Annual Meeting of the Association for Computational Linguistics: Human Language Technologies: Systems Demonstrations},
  pages={133--138},
  year={2011},
  organization={Association for Computational Linguistics}
}

@inproceedings{harabagiu2011relevance,
  title={Relevance Modeling for Microblog Summarization.},
  author={Harabagiu, Sanda M and Hickl, Andrew},
  booktitle={ICWSM},
  year={2011}
}

@inproceedings{Ren:2013:PTT:2484028.2484052,
 author = {Ren, Zhaochun and Liang, Shangsong and Meij, Edgar and de Rijke, Maarten},
 title = {Personalized time-aware tweets summarization},
 booktitle = {Proceedings of the 36th international ACM SIGIR conference on Research and development in information retrieval},
 series = {SIGIR '13},
 year = {2013},
 isbn = {978-1-4503-2034-4},
 location = {Dublin, Ireland},
 pages = {513--522},
 numpages = {10},
 publisher = {ACM},
 address = {New York, NY, USA},
 keywords = {data enrichment, topic modeling, tweets summarization, twitter},
} 

@inproceedings{shen2013participant,
  title={A Participant-based Approach for Event Summarization Using Twitter Streams},
  author={Shen, Chao and Liu, Fei and Weng, Fuliang and Li, Tao},
  booktitle={Proceedings of NAACL-HLT},
  pages={1152--1162},
  year={2013}
}

@inproceedings{judd2013better,
  title={Better Twitter Summaries?},
  author={Judd, Joel and Kalita, Jugal},
  booktitle={Proceedings of NAACL-HLT},
  pages={445--449},
  year={2013}
}

@inproceedings{chang2013towards,
  title={Towards Twitter context summarization with user influence models},
  author={Chang, Yi and Wang, Xuanhui and Mei, Qiaozhu and Liu, Yan},
  booktitle={Proceedings of the sixth ACM international conference on Web search and data mining},
  pages={527--536},
  year={2013},
  organization={ACM}
}

@inproceedings{brody2011cooooooooooooooollllllllllllll,
  title={Cooooooooooooooollllllllllllll!!!!!!!!!!!!!!: using word lengthening to detect sentiment in microblogs},
  author={Brody, Samuel and Diakopoulos, Nicholas},
  booktitle={Proceedings of the Conference on Empirical Methods in Natural Language Processing},
  pages={562--570},
  year={2011},
  organization={Association for Computational Linguistics}
}

@article{rocchio1971relevance,
  title={Relevance feedback in information retrieval},
  author={Rocchio, Joseph John},
  year={1971},
  publisher={Prentice-Hall, Englewood Cliffs NJ}
}

@inproceedings{joachims2002optimizing,
  title={Optimizing search engines using clickthrough data},
  author={Joachims, Thorsten},
  booktitle={Proceedings of the eighth ACM SIGKDD international conference on Knowledge discovery and data mining},
  pages={133--142},
  year={2002},
  organization={ACM}
}

@inproceedings{xue2004optimizing,
  title={Optimizing web search using web click-through data},
  author={Xue, Gui-Rong and Zeng, Hua-Jun and Chen, Zheng and Yu, Yong and Ma, Wei-Ying and Xi, WenSi and Fan, WeiGuo},
  booktitle={Proceedings of the thirteenth ACM international conference on Information and knowledge management},
  pages={118--126},
  year={2004},
  organization={ACM}
}

@inproceedings{joachims2005accurately,
  title={Accurately interpreting clickthrough data as implicit feedback},
  author={Joachims, Thorsten and Granka, Laura and Pan, Bing and Hembrooke, Helene and Gay, Geri},
  booktitle={Proceedings of the 28th annual international ACM SIGIR conference on Research and development in information retrieval},
  pages={154--161},
  year={2005},
  organization={ACM}
}

@inproceedings{radlinski2005query,
  title={Query chains: learning to rank from implicit feedback},
  author={Radlinski, Filip and Joachims, Thorsten},
  booktitle={Proceedings of the eleventh ACM SIGKDD international conference on Knowledge discovery in data mining},
  pages={239--248},
  year={2005},
  organization={ACM}
}

@inproceedings{agichtein2006improving,
  title={Improving web search ranking by incorporating user behavior information},
  author={Agichtein, Eugene and Brill, Eric and Dumais, Susan},
  booktitle={Proceedings of the 29th annual international ACM SIGIR conference on Research and development in information retrieval},
  pages={19--26},
  year={2006},
  organization={ACM}
}

@inproceedings{agichtein2006learning,
  title={Learning user interaction models for predicting web search result preferences},
  author={Agichtein, Eugene and Brill, Eric and Dumais, Susan and Ragno, Robert},
  booktitle={Proceedings of the 29th annual international ACM SIGIR conference on Research and development in information retrieval},
  pages={3--10},
  year={2006},
  organization={ACM}
}

@inproceedings{radlinski2007active,
  title={Active exploration for learning rankings from clickthrough data},
  author={Radlinski, Filip and Joachims, Thorsten},
  booktitle={Proceedings of the 13th ACM SIGKDD international conference on Knowledge discovery and data mining},
  pages={570--579},
  year={2007},
  organization={ACM}
}

@inproceedings{bao2007optimizing,
  title={Optimizing web search using social annotations},
  author={Bao, Shenghua and Xue, Guirong and Wu, Xiaoyuan and Yu, Yong and Fei, Ben and Su, Zhong},
  booktitle={Proceedings of the 16th international conference on World Wide Web},
  pages={501--510},
  year={2007},
  organization={ACM}
}

@inproceedings{duh2008learning,
  title={Learning to rank with partially-labeled data},
  author={Duh, Kevin and Kirchhoff, Katrin},
  booktitle={Proceedings of the 31st annual international ACM SIGIR conference on Research and development in information retrieval},
  pages={251--258},
  year={2008},
  organization={ACM}
}

@inproceedings{aslam2009document,
  title={Document selection methodologies for efficient and effective learning-to-rank},
  author={Aslam, Javed A and Kanoulas, Evangelos and Pavlu, Virgil and Savev, Stefan and Yilmaz, Emine},
  booktitle={Proceedings of the 32nd international ACM SIGIR conference on Research and development in information retrieval},
  pages={468--475},
  year={2009},
  organization={ACM}
}

@article{qin2010letor,
  title={LETOR: A benchmark collection for research on learning to rank for information retrieval},
  author={Qin, Tao and Liu, Tie-Yan and Xu, Jun and Li, Hang},
  journal={Information Retrieval},
  volume={13},
  number={4},
  pages={346--374},
  year={2010},
  publisher={Springer}
}

@inproceedings{xu2010improving,
  title={Improving quality of training data for learning to rank using click-through data},
  author={Xu, Jingfang and Chen, Chuanliang and Xu, Gu and Li, Hang and Abib, Elbio Renato Torres},
  booktitle={Proceedings of the third ACM international conference on Web search and data mining},
  pages={171--180},
  year={2010},
  organization={ACM}
}

@inproceedings{burges2005learning,
  title={Learning to rank using gradient descent},
  author={Burges, Chris and Shaked, Tal and Renshaw, Erin and Lazier, Ari and Deeds, Matt and Hamilton, Nicole and Hullender, Greg},
  booktitle={Proceedings of the 22nd international conference on Machine learning},
  pages={89--96},
  year={2005},
  organization={ACM}
}

@inproceedings{cao2006adapting,
  title={Adapting ranking SVM to document retrieval},
  author={Cao, Yunbo and Xu, Jun and Liu, Tie-Yan and Li, Hang and Huang, Yalou and Hon, Hsiao-Wuen},
  booktitle={Proceedings of the 29th annual international ACM SIGIR conference on Research and development in information retrieval},
  pages={186--193},
  year={2006},
  organization={ACM}
}

@inproceedings{xu2007adarank,
  title={Adarank: a boosting algorithm for information retrieval},
  author={Xu, Jun and Li, Hang},
  booktitle={Proceedings of the 30th annual international ACM SIGIR conference on Research and development in information retrieval},
  pages={391--398},
  year={2007},
  organization={ACM}
}

@article{quoc2007learning,
  title={Learning to rank with nonsmooth cost functions},
  author={Quoc, C and Le, Viet},
  journal={Proceedings of the Advances in Neural Information Processing Systems},
  volume={19},
  pages={193--200},
  year={2007}
}

@inproceedings{xu2008directly,
  title={Directly optimizing evaluation measures in learning to rank},
  author={Xu, Jun and Liu, Tie-Yan and Lu, Min and Li, Hang and Ma, Wei-Ying},
  booktitle={Proceedings of the 31st annual international ACM SIGIR conference on Research and development in information retrieval},
  pages={107--114},
  year={2008},
  organization={ACM}
}

@inproceedings{valizadegan2009learning,
  title={Learning to rank by optimizing ndcg measure},
  author={Valizadegan, Hamed and Jin, Rong and Zhang, Ruofei and Mao, Jianchang},
  booktitle={Advances in neural information processing systems},
  pages={1883--1891},
  year={2009}
}

@inproceedings{wang2010learning,
  title={Learning to efficiently rank},
  author={Wang, Lidan and Lin, Jimmy and Metzler, Donald},
  booktitle={Proceedings of the 33rd international ACM SIGIR conference on Research and development in information retrieval},
  pages={138--145},
  year={2010},
  organization={ACM}
}

@inproceedings{dai2011learning,
  title={Learning to rank for freshness and relevance},
  author={Dai, Na and Shokouhi, Milad and Davison, Brian D},
  booktitle={Proceedings of the 34th international ACM SIGIR conference on Research and development in Information Retrieval},
  pages={95--104},
  year={2011},
  organization={ACM}
}

@article{chapelle2011future,
  title={Future directions in learning to rank.},
  author={Chapelle, Olivier and Chang, Yi and Liu, Tie-Yan},
  journal={Journal of Machine Learning Research-Proceedings Track},
  volume={14},
  pages={91--100},
  year={2011}
}

@inproceedings{efron2010hashtag,
  title={Hashtag retrieval in a microblogging environment},
  author={Efron, Miles},
  booktitle={Proceedings of the 33rd international ACM SIGIR conference on Research and development in information retrieval},
  pages={787--788},
  year={2010},
  organization={ACM}
}

@inproceedings{duan2010empirical,
  title={An empirical study on learning to rank of tweets},
  author={Duan, Yajuan and Jiang, Long and Qin, Tao and Zhou, Ming and Shum, Heung-Yeung},
  booktitle={Proceedings of the 23rd International Conference on Computational Linguistics},
  pages={295--303},
  year={2010},
  organization={Association for Computational Linguistics}
}

@incollection{massoudi2011incorporating,
  title={Incorporating query expansion and quality indicators in searching microblog posts},
  author={Massoudi, Kamran and Tsagkias, Manos and de Rijke, Maarten and Weerkamp, Wouter},
  booktitle={Advances in Information Retrieval},
  pages={362--367},
  year={2011},
  publisher={Springer}
}

@inproceedings{naveed2011searching,
  title={Searching microblogs: coping with sparsity and document quality},
  author={Naveed, Nasir and Gottron, Thomas and Kunegis, J{\'e}r{\^o}me and Alhadi, Arifah Che},
  booktitle={Proceedings of the 20th ACM international conference on Information and knowledge management},
  pages={183--188},
  year={2011},
  organization={ACM}
}

@inproceedings{callan1994passage,
  title={Passage-level evidence in document retrieval},
  author={Callan, James P},
  booktitle={Proceedings of the 17th annual international ACM SIGIR conference on Research and development in information retrieval},
  pages={302--310},
  year={1994},
  organization={Springer-Verlag New York, Inc.}
}

@incollection{ahnizeret2004information,
  title={Information retrieval aware web site modelling and generation},
  author={Ahnizeret, Keyla and Fernandes, David and Cavalcanti, Joao MB and de Moura, Edleno Silva and da Silva, Altigran S},
  booktitle={Conceptual Modeling--ER 2004},
  pages={402--419},
  year={2004},
  publisher={Springer}
}

@inproceedings{fernandes2007computing,
  title={Computing block importance for searching on web sites},
  author={Fernandes, David and de Moura, Edleno S and Ribeiro-Neto, Berthier and da Silva, Altigran S and Gon{\c{c}}alves, Marcos Andr{\'e}},
  booktitle={Proceedings of the sixteenth ACM conference on Conference on information and knowledge management},
  pages={165--174},
  year={2007},
  organization={ACM}
}

@article{de2010using,
  title={Using structural information to improve search in Web collections},
  author={de Moura, Edleno S and Fernandes, David and Ribeiro-Neto, Berthier and da Silva, Altigran S and Gon{\c{c}}alves, Marcos Andr{\'e}},
  journal={Journal of the American Society for Information Science and Technology},
  volume={61},
  number={12},
  pages={2503--2513},
  year={2010},
  publisher={Wiley Online Library}
}

@inproceedings{cai2004block,
  title={Block-based web search},
  author={Cai, Deng and Yu, Shipeng and Wen, Ji-Rong and Ma, Wei-Ying},
  booktitle={Proceedings of the 27th annual international ACM SIGIR conference on Research and development in information retrieval},
  pages={456--463},
  year={2004},
  organization={ACM}
}

@article{o2010tweetmotif,
  title={Tweetmotif: Exploratory search and topic summarization for twitter},
  author={O'Connor, Brendan and Krieger, Michel and Ahn, David},
  journal={Proceedings of ICWSM},
  pages={2--3},
  year={2010}
}

@inproceedings{metzler2011usc,
  title={USC/ISI at TREC 2011: Microblog Track.},
  author={Metzler, Donald and Cai, Congxing},
  booktitle={TREC},
  year={2011}
}

@inproceedings{miyanishi2011trec,
  title={TREC 2011 Microblog Track Experiments at Kobe University.},
  author={Miyanishi, Taiki and Okamura, Naoto and Liu, Xiaoxi and Seki, Kazuhiro and Uehara, Kuniaki},
  booktitle={TREC},
  year={2011}
}

@inproceedings{zhang2012query,
  title={Query-biased learning to rank for real-time twitter search},
  author={Zhang, Xin and He, Ben and Luo, Tiejian and Li, Baobin},
  booktitle={Proceedings of the 21st ACM international conference on Information and knowledge management},
  pages={1915--1919},
  year={2012},
  organization={ACM}
}

@inproceedings{darwish2012language,
  title={Language processing for arabic microblog retrieval},
  author={Darwish, Kareem and Magdy, Walid and Mourad, Ahmed},
  booktitle={Proceedings of the 21st ACM international conference on Information and knowledge management},
  pages={2427--2430},
  year={2012},
  organization={ACM}
}

@inproceedings{zhang2012transductive,
  title={Transductive Learning for Real-Time Twitter Search.},
  author={Zhang, Xin and He, Ben and Luo, Tiejian},
  booktitle={ICWSM},
  year={2012}
}

@incollection{miyanishi2013combining,
  title={Combining recency and topic-dependent temporal variation for microblog search},
  author={Miyanishi, Taiki and Seki, Kazuhiro and Uehara, Kuniaki},
  booktitle={Advances in Information Retrieval},
  pages={331--343},
  year={2013},
  publisher={Springer}
}

@inproceedings{choi2012quality,
  title={Quality models for microblog retrieval},
  author={Choi, Jaeho and Croft, W Bruce and Kim, Jin Young},
  booktitle={Proceedings of the 21st ACM international conference on Information and knowledge management},
  pages={1834--1838},
  year={2012},
  organization={ACM}
}

@incollection{ferguson2012investigation,
  title={An investigation of term weighting approaches for microblog retrieval},
  author={Ferguson, Paul and O’Hare, Neil and Lanagan, James and Phelan, Owen and McCarthy, Kevin},
  booktitle={Advances in Information Retrieval},
  pages={552--555},
  year={2012},
  publisher={Springer}
}

@inproceedings{amati2012survival,
  title={Survival analysis for freshness in microblogging search},
  author={Amati, Gianni and Amodeo, Giuseppe and Gaibisso, Carlo},
  booktitle={Proceedings of the 21st ACM international conference on Information and knowledge management},
  pages={2483--2486},
  year={2012},
  organization={ACM}
}

@inproceedings{tjong2003introduction,
  title={Introduction to the CoNLL-2003 shared task: Language-independent named entity recognition},
  author={Tjong Kim Sang, Erik F and De Meulder, Fien},
  booktitle={Proceedings of the seventh conference on Natural language learning at HLT-NAACL 2003-Volume 4},
  pages={142--147},
  year={2003},
  organization={Association for Computational Linguistics}
}

@article{lafferty2001conditional,
  title={Conditional random fields: Probabilistic models for segmenting and labeling sequence data},
  author={Lafferty, John and McCallum, Andrew and Pereira, Fernando CN},
  year={2001}
}

@inproceedings{gimpel2011part,
  title={Part-of-speech tagging for Twitter: annotation, features, and experiments},
  author={Gimpel, Kevin and Schneider, Nathan and O'Connor, Brendan and Das, Dipanjan and Mills, Daniel and Eisenstein, Jacob and Heilman, Michael and Yogatama, Dani and Flanigan, Jeffrey and Smith, Noah A},
  booktitle={Proceedings of the 49th Annual Meeting of the Association for Computational Linguistics: Human Language Technologies: short papers-Volume 2},
  pages={42--47},
  year={2011},
  organization={Association for Computational Linguistics}
}

@article{pang2008opinion,
  title={Opinion mining and sentiment analysis},
  author={Pang, Bo and Lee, Lillian},
  journal={Foundations and trends in information retrieval},
  volume={2},
  number={1-2},
  pages={1--135},
  year={2008},
  publisher={Now Publishers Inc.}
}

@inproceedings{gouws2011contextual,
  title={Contextual bearing on linguistic variation in social media},
  author={Gouws, Stephan and Metzler, Donald and Cai, Congxing and Hovy, Eduard},
  booktitle={Proceedings of the Workshop on Languages in Social Media},
  pages={20--29},
  year={2011},
  organization={Association for Computational Linguistics}
}

@article{wei2011exploring,
  title={Exploring Tweets Normalization and Query Time Sensitivity for Twitter Search},
  author={Wei, Zhongyu and Zhou, L and Li, B and Wong, KF and Gao, W and Wong, KF},
  journal={TREC-2011},
  year={2011}
}

@article{liu2009learning,
  title={Learning to rank for information retrieval},
  author={Liu, Tie-Yan},
  journal={Foundations and Trends in Information Retrieval},
  volume={3},
  number={3},
  pages={225--331},
  year={2009},
  publisher={Now Publishers Inc.}
}

@incollection{voorhees1999natural,
  title={Natural language processing and information retrieval},
  author={Voorhees, Ellen M},
  booktitle={Information Extraction},
  pages={32--48},
  year={1999},
  publisher={Springer}
}

@article{voorhees2000variations,
  title={Variations in relevance judgments and the measurement of retrieval effectiveness},
  author={Voorhees, Ellen M},
  journal={Information processing \& management},
  volume={36},
  number={5},
  pages={697--716},
  year={2000},
  publisher={Elsevier}
}

@article{jansen2009twitter,
  title={Twitter power: Tweets as electronic word of mouth},
  author={Jansen, Bernard J and Zhang, Mimi and Sobel, Kate and Chowdury, Abdur},
  journal={Journal of the American society for information science and technology},
  volume={60},
  number={11},
  pages={2169--2188},
  year={2009},
  publisher={Wiley Online Library}
}

@article{o2010tweets,
  title={From Tweets to Polls: Linking Text Sentiment to Public Opinion Time Series.},
  author={O'Connor, Brendan and Balasubramanyan, Ramnath and Routledge, Bryan R and Smith, Noah A},
  journal={ICWSM},
  volume={11},
  pages={122--129},
  year={2010}
}

@article{bollen2011twitter,
  title={Twitter mood predicts the stock market},
  author={Bollen, Johan and Mao, Huina and Zeng, Xiaojun},
  journal={Journal of Computational Science},
  volume={2},
  number={1},
  pages={1--8},
  year={2011},
  publisher={Elsevier}
}

@inproceedings{zhang2007opinion,
  title={Opinion retrieval from blogs},
  author={Zhang, Wei and Yu, Clement and Meng, Weiyi},
  booktitle={Proceedings of the sixteenth ACM conference on Conference on information and knowledge management},
  pages={831--840},
  year={2007},
  organization={ACM}
}

@inproceedings{he2008effective,
  title={An effective statistical approach to blog post opinion retrieval},
  author={He, Ben and Macdonald, Craig and He, Jiyin and Ounis, Iadh},
  booktitle={Proceedings of the 17th ACM conference on Information and knowledge management},
  pages={1063--1072},
  year={2008},
  organization={ACM}
}

@inproceedings{zhang2008generation,
  title={A generation model to unify topic relevance and lexicon-based sentiment for opinion retrieval},
  author={Zhang, Min and Ye, Xingyao},
  booktitle={Proceedings of the 31st annual international ACM SIGIR conference on Research and development in information retrieval},
  pages={411--418},
  year={2008},
  organization={ACM}
}

@inproceedings{gerani2010proximity,
  title={Proximity-based opinion retrieval},
  author={Gerani, Shima and Carman, Mark James and Crestani, Fabio},
  booktitle={Proceedings of the 33rd international ACM SIGIR conference on Research and development in information retrieval},
  pages={403--410},
  year={2010},
  organization={ACM}
}

@article{gerani2012aggregation,
  title={Aggregation methods for proximity-based opinion retrieval},
  author={Gerani, Shima and Carman, Mark and Crestani, Fabio},
  journal={ACM Transactions on Information Systems (TOIS)},
  volume={30},
  number={4},
  pages={26},
  year={2012},
  publisher={ACM}
}

@inproceedings{ounis2006overview,
  title={Overview of the TREC blog track 2006},
  author={Ounis, Iadh and de Rijke, Maarten and Macdonald, Craig and Mishne, Gilad and Soboroff, Ian},
  booktitle={Proceedings of the 15th Text REtrieval Conference (TREC 2006)},
  year={2006}
}

@inproceedings{macdonald2007overview,
  title={Overview of the TREC 2007 Blog Track.},
  author={Macdonald, Craig and Ounis, Iadh and Soboroff, Ian},
  booktitle={TREC},
  volume={7},
  pages={31--43},
  year={2007},
  organization={Citeseer}
}

@techreport{ounis2008overview,
  title={Overview of the TREC-2008 blog track},
  author={Ounis, Iadh and Macdonald, Craig and Soboroff, Ian},
  year={2008},
  institution={DTIC Document}
}

@inproceedings{macdonald2010blog,
  title={Blog track research at TREC},
  author={Macdonald, Craig and Santos, Rodrygo LT and Ounis, Iadh and Soboroff, Ian},
  booktitle={ACM SIGIR Forum},
  volume={44},
  number={1},
  pages={58--75},
  year={2010},
  organization={ACM}
}

@inproceedings{luo2012improving,
  title={Improving Twitter Retrieval by Exploiting Structural Information.},
  author={Luo, Zhunchen and Osborne, Miles and Petrovic, Sasa and Wang, Ting},
  booktitle={AAAI},
  year={2012}
}

@article{robertson1995okapi,
  title={Okapi at TREC-3},
  author={Robertson, Stephen E and Walker, Steve and Jones, Susan and Hancock-Beaulieu, Micheline M and Gatford, Mike},
  journal={NIST SPECIAL PUBLICATION SP},
  pages={109--109},
  year={1995},
  publisher={NATIONAL INSTIUTE OF STANDARDS \& TECHNOLOGY}
}

@inproceedings{robertson1996okapi,
  title={Okapi at TREC-4},
  author={Robertson, Stephen E and Walker, Steve and Beaulieu, MM and Gatford, Mike and Payne, Alison},
  booktitle={Proceedings of the fourth text retrieval conference},
  pages={73--97},
  year={1996},
  organization={NIST Special Publication}
}

@inproceedings{jiang2011target,
  title={Target-dependent Twitter Sentiment Classification.},
  author={Jiang, Long and Yu, Mo and Zhou, Ming and Liu, Xiaohua and Zhao, Tiejun},
  booktitle={ACL},
  pages={151--160},
  year={2011}
}

@inproceedings{liu2012emoticon,
  title={Emoticon Smoothed Language Models for Twitter Sentiment Analysis.},
  author={Liu, Kun-Lin and Li, Wu-Jun and Guo, Minyi},
  booktitle={AAAI},
  year={2012}
}

@inproceedings{meng2012entity,
  title={Entity-centric topic-oriented opinion summarization in twitter},
  author={Meng, Xinfan and Wei, Furu and Liu, Xiaohua and Zhou, Ming and Li, Sujian and Wang, Houfeng},
  booktitle={Proceedings of the 18th ACM SIGKDD international conference on Knowledge discovery and data mining},
  pages={379--387},
  year={2012},
  organization={ACM}
}

@inproceedings{ounis2011overview,
  title={Overview of the trec-2011 microblog track},
  author={Ounis, Iadh and Macdonald, Craig and Lin, Jimmy and Soboroff, Ian},
  booktitle={Proceeddings of the 20th Text REtrieval Conference (TREC 2011)},
  year={2011}
}

@inproceedings{davidov2010enhanced,
  title={Enhanced sentiment learning using twitter hashtags and smileys},
  author={Davidov, Dmitry and Tsur, Oren and Rappoport, Ari},
  booktitle={Proceedings of the 23rd International Conference on Computational Linguistics: Posters},
  pages={241--249},
  year={2010},
  organization={Association for Computational Linguistics}
}

@inproceedings{barbosa2010robust,
  title={Robust sentiment detection on twitter from biased and noisy data},
  author={Barbosa, Luciano and Feng, Junlan},
  booktitle={Proceedings of the 23rd International Conference on Computational Linguistics: Posters},
  pages={36--44},
  year={2010},
  organization={Association for Computational Linguistics}
}


@inproceedings{kouloumpis2011twitter,
  title={Twitter sentiment analysis: The Good the Bad and the OMG!},
  author={Kouloumpis, Efthymios and Wilson, Theresa and Moore, Johanna},
  booktitle={ICWSM},
  year={2011}
}

@inproceedings{agarwal2011sentiment,
  title={Sentiment analysis of twitter data},
  author={Agarwal, Apoorv and Xie, Boyi and Vovsha, Ilia and Rambow, Owen and Passonneau, Rebecca},
  booktitle={Proceedings of the Workshop on Languages in Social Media},
  pages={30--38},
  year={2011},
  organization={Association for Computational Linguistics}
}

@inproceedings{tan2011user,
  title={User-level sentiment analysis incorporating social networks},
  author={Tan, Chenhao and Lee, Lillian and Tang, Jie and Jiang, Long and Zhou, Ming and Li, Ping},
  booktitle={Proceedings of the 17th ACM SIGKDD international conference on Knowledge discovery and data mining},
  pages={1397--1405},
  year={2011},
  organization={ACM}
}

@inproceedings{wang2011topic,
  title={Topic sentiment analysis in twitter: a graph-based hashtag sentiment classification approach},
  author={Wang, Xiaolong and Wei, Furu and Liu, Xiaohua and Zhou, Ming and Zhang, Ming},
  booktitle={Proceedings of the 20th ACM international conference on Information and knowledge management},
  pages={1031--1040},
  year={2011},
  organization={ACM}
}

@inproceedings{hu2013exploiting,
  title={Exploiting social relations for sentiment analysis in microblogging},
  author={Hu, Xia and Tang, Lei and Tang, Jiliang and Liu, Huan},
  booktitle={Proceedings of the sixth ACM international conference on Web search and data mining},
  pages={537--546},
  year={2013},
  organization={ACM}
}

@inproceedings{mukherjee2012twisent,
  title={TwiSent: a multistage system for analyzing sentiment in twitter},
  author={Mukherjee, Subhabrata and Malu, Akshat and AR, Balamurali and Bhattacharyya, Pushpak},
  booktitle={Proceedings of the 21st ACM international conference on Information and knowledge management},
  pages={2531--2534},
  year={2012},
  organization={ACM}
}

@inproceedings{saif2011semantic,
  title={Semantic Smoothing for Twitter Sentiment Analysis},
  author={Saif, Hassan and He, Yulan and Alani, Harith},
  booktitle={Proceeding of the 10th International Semantic Web Conference (ISWC)},
  year={2011}
}

@inproceedings{marchetti2012learning,
  title={Learning for microblogs with distant supervision: Political forecasting with twitter},
  author={Marchetti-Bowick, Micol and Chambers, Nathanael},
  booktitle={Proceedings of the 13th Conference of the European Chapter of the Association for Computational Linguistics},
  pages={603--612},
  year={2012},
  organization={Association for Computational Linguistics}
}

@inproceedings{aisopos2012content,
  title={Content vs. context for sentiment analysis: a comparative analysis over microblogs},
  author={Aisopos, Fotis and Papadakis, George and Tserpes, Konstantinos and Varvarigou, Theodora},
  booktitle={Proceedings of the 23rd ACM conference on Hypertext and social media},
  pages={187--196},
  year={2012},
  organization={ACM}
}

@article{martinez1sentiment,
  title={Sentiment analysis in Twitter},
  author={MART{\'I}NEZ-C{\'A}MARA, EUGENIO and MART{\'I}N-VALDIVIA, M TERESA and URE{\~N}A-L{\'O}PEZ, L ALFONSO and MONTEJO-R{\'A}EZ, A RTURO},
  journal={Natural Language Engineering},
  volume={1},
  number={1},
  pages={1--28},
  publisher={Cambridge Univ Press}
}

@article{kontopoulos2013ontology,
  title={Ontology-based sentiment analysis of twitter posts},
  author={Kontopoulos, Efstratios and Berberidis, Christos and Dergiades, Theologos and Bassiliades, Nick},
  journal={Expert Systems with Applications},
  year={2013},
  publisher={Elsevier}
}

@inproceedings{hu2013unsupervised,
  title={Unsupervised sentiment analysis with emotional signals},
  author={Hu, Xia and Tang, Jiliang and Gao, Huiji and Liu, Huan},
  booktitle={Proceedings of the 22nd international conference on World Wide Web},
  pages={607--618},
  year={2013},
  organization={International World Wide Web Conferences Steering Committee}
}

@inproceedings{bollen2011modeling,
  title={Modeling public mood and emotion: Twitter sentiment and socio-economic phenomena.},
  author={Bollen, Johan and Mao, Huina and Pepe, Alberto},
  booktitle={ICWSM},
  year={2011}
}

@article{thelwall2011sentiment,
  title={Sentiment in Twitter events},
  author={Thelwall, Mike and Buckley, Kevan and Paltoglou, Georgios},
  journal={Journal of the American Society for Information Science and Technology},
  volume={62},
  number={2},
  pages={406--418},
  year={2011},
  publisher={Wiley Online Library}
}

@inproceedings{bermingham2010classifying,
  title={Classifying sentiment in microblogs: is brevity an advantage?},
  author={Bermingham, Adam and Smeaton, Alan F},
  booktitle={Proceedings of the 19th ACM international conference on Information and knowledge management},
  pages={1833--1836},
  year={2010},
  organization={ACM}
}

@article{paltoglou2012twitter,
  title={Twitter, MySpace, Digg: Unsupervised sentiment analysis in social media},
  author={Paltoglou, Georgios and Thelwall, Mike},
  journal={ACM Transactions on Intelligent Systems and Technology (TIST)},
  volume={3},
  number={4},
  pages={66},
  year={2012},
  publisher={ACM}
}

@inproceedings{chung2011can,
  title={Can collective sentiment expressed on twitter predict political elections?},
  author={Chung, Jessica Elan and Mustafaraj, Eni},
  booktitle={AAAI},
  year={2011}
}

@inproceedings{conover2011political,
  title={Political Polarization on Twitter.},
  author={Conover, Michael and Ratkiewicz, Jacob and Francisco, Matthew and Gon{\c{c}}alves, Bruno and Menczer, Filippo and Flammini, Alessandro},
  booktitle={ICWSM},
  year={2011}
}

@inproceedings{gonzalez2011identifying,
  title={Identifying Sarcasm in Twitter: A Closer Look.},
  author={Gonz{\'a}lez-Ib{\'a}{\~n}ez, Roberto and Muresan, Smaranda and Wacholder, Nina},
  booktitle={ACL (Short Papers)},
  pages={581--586},
  year={2011},
  organization={Citeseer}
}

@inproceedings{eguchi2006sentiment,
  title={Sentiment retrieval using generative models},
  author={Eguchi, Koji and Lavrenko, Victor},
  booktitle={Proceedings of the 2006 conference on empirical methods in natural language processing},
  pages={345--354},
  year={2006},
  organization={Association for Computational Linguistics}
}

@inproceedings{huang2009unified,
  title={A unified relevance model for opinion retrieval},
  author={Huang, Xuanjing and Croft, W Bruce},
  booktitle={Proceedings of the 18th ACM conference on Information and knowledge management},
  pages={947--956},
  year={2009},
  organization={ACM}
}

@incollection{gerani2009investigating,
  title={Investigating learning approaches for blog post opinion retrieval},
  author={Gerani, Shima and Carman, Mark J and Crestani, Fabio},
  booktitle={Advances in Information Retrieval},
  pages={313--324},
  year={2009},
  publisher={Springer}
}

@inproceedings{mishne2006multiple,
  title={Multiple ranking strategies for opinion retrieval in blogs},
  author={Mishne, Gilad},
  booktitle={Online Proceedings of TREC},
  year={2006},
  organization={Citeseer}
}

@incollection{na2009improving,
  title={Improving opinion retrieval based on query-specific sentiment lexicon},
  author={Na, Seung-Hoon and Lee, Yeha and Nam, Sang-Hyob and Lee, Jong-Hyeok},
  booktitle={Advances in Information Retrieval},
  pages={734--738},
  year={2009},
  publisher={Springer}
}

@incollection{santos2009integrating,
  title={Integrating proximity to subjective sentences for blog opinion retrieval},
  author={Santos, Rodrygo LT and He, Ben and Macdonald, Craig and Ounis, Iadh},
  booktitle={Advances in Information Retrieval},
  pages={325--336},
  year={2009},
  publisher={Springer}
}

@inproceedings{zhang2008improve,
  title={Improve the effectiveness of the opinion retrieval and opinion polarity classification},
  author={Zhang, Wei and Jia, Lifeng and Yu, Clement and Meng, Weiyi},
  booktitle={Proceedings of the 17th ACM conference on Information and knowledge management},
  pages={1415--1416},
  year={2008},
  organization={ACM}
}

@article{vechtomova2010facet,
  title={Facet-based opinion retrieval from blogs},
  author={Vechtomova, Olga},
  journal={Information processing \& management},
  volume={46},
  number={1},
  pages={71--88},
  year={2010},
  publisher={Elsevier}
}

@inproceedings{vechtomova2007using,
  title={Using Subjective Adjectives in Opinion Retrieval from Blogs.},
  author={Vechtomova, Olga},
  booktitle={TREC},
  year={2007}
}

@inproceedings{bermingham2009study,
  title={A study of inter-annotator agreement for opinion retrieval},
  author={Bermingham, Adam and Smeaton, Alan F},
  booktitle={Proceedings of the 32nd international ACM SIGIR conference on Research and development in information retrieval},
  pages={784--785},
  year={2009},
  organization={ACM}
}

@inproceedings{jia2009effect,
  title={The effect of negation on sentiment analysis and retrieval effectiveness},
  author={Jia, Lifeng and Yu, Clement and Meng, Weiyi},
  booktitle={Proceedings of the 18th ACM conference on Information and knowledge management},
  pages={1827--1830},
  year={2009},
  organization={ACM}
}

@inproceedings{li2010unified,
  title={A unified graph model for sentence-based opinion retrieval},
  author={Li, Binyang and Zhou, Lanjun and Feng, Shi and Wong, Kam-Fai},
  booktitle={Proceedings of the 48th Annual Meeting of the Association for Computational Linguistics},
  pages={1367--1375},
  year={2010},
  organization={Association for Computational Linguistics}
}

@inproceedings{lee2010high,
  title={High precision opinion retrieval using sentiment-relevance flows},
  author={Lee, Seung-Wook and Lee, Jung-Tae and Song, Young-In and Rim, Hae-Chang},
  booktitle={Proceedings of the 33rd international ACM SIGIR conference on Research and development in information retrieval},
  pages={817--818},
  year={2010},
  organization={ACM}
}

@inproceedings{gerani2011aggregating,
  title={Aggregating multiple opinion evidence in proximity-based opinion retrieval},
  author={Gerani, Shima and Keikha, Mostafa and Crestani, Fabio},
  booktitle={Proceedings of the 34th international ACM SIGIR conference on Research and development in Information Retrieval},
  pages={1199--1200},
  year={2011},
  organization={ACM}
}

@inproceedings{he2009fitting,
  title={Fitting score distribution for blog opinion retrieval},
  author={He, Ben and Peng, Jie and Ounis, Iadh},
  booktitle={Proceedings of the 32nd international ACM SIGIR conference on Research and development in information retrieval},
  pages={688--689},
  year={2009},
  organization={ACM}
}

@inproceedings{amati2010performance,
  title={On performance of topical opinion retrieval},
  author={Amati, Giambattista and Amodeo, Giuseppe and Capozio, Valerio and Gaibisso, Carlo and Gambosi, Giorgio},
  booktitle={Proceedings of the 33rd international ACM SIGIR conference on Research and development in information retrieval},
  pages={777--778},
  year={2010},
  organization={ACM}
}

@inproceedings{seki2009adaptive,
  title={Adaptive subjective triggers for opinionated document retrieval},
  author={Seki, Kazuhiro and Uehara, Kuniaki},
  booktitle={Proceedings of the Second ACM International Conference on Web Search and Data Mining},
  pages={25--33},
  year={2009},
  organization={ACM}
}

@inproceedings{orimaye2011sentence,
  title={Sentence-level contextual opinion retrieval},
  author={Orimaye, Sylvester Olubolu},
  booktitle={Proceedings of the 20th international conference companion on World wide web},
  pages={403--408},
  year={2011},
  organization={ACM}
}

@article{guo2012exploiting,
  title={Exploiting syntactic and semantic relationships between terms for opinion retrieval},
  author={Guo, Liqiang and Wan, Xiaojun},
  journal={Journal of the American Society for Information Science and Technology},
  volume={63},
  number={11},
  pages={2269--2282},
  year={2012},
  publisher={Wiley Online Library}
}

@inproceedings{xu2012find,
  title={Find me opinion sources in blogosphere: a unified framework for opinionated blog feed retrieval},
  author={Xu, Xueke and Tan, Songbo and Liu, Yue and Cheng, Xueqi and Lin, Zheng and Guo, Jiafeng},
  booktitle={Proceedings of the fifth ACM international conference on Web search and data mining},
  pages={583--592},
  year={2012},
  organization={ACM}
}

@article{orimaye2012can,
  title={Can predicate-argument structures be used for contextual opinion retrieval from blogs?},
  author={Orimaye, Sylvester O and Alhashmi, Saadat M and Siew, Eu-Gene},
  journal={World Wide Web},
  pages={1--29},
  year={2012},
  publisher={Springer}
}

@incollection{amati2008automatic,
  title={Automatic construction of an opinion-term vocabulary for ad hoc retrieval},
  author={Amati, Giambattista and Ambrosi, Edgardo and Bianchi, Marco and Gaibisso, Carlo and Gambosi, Giorgio},
  booktitle={Advances in Information Retrieval},
  pages={89--100},
  year={2008},
  publisher={Springer}
}

@inproceedings{jijkoun2010generating,
  title={Generating focused topic-specific sentiment lexicons},
  author={Jijkoun, Valentin and de Rijke, Maarten and Weerkamp, Wouter},
  booktitle={Proceedings of the 48th Annual Meeting of the Association for Computational Linguistics},
  pages={585--594},
  year={2010},
  organization={Association for Computational Linguistics}
}

@incollection{Joachims:1999:MLS:299094.299104,
 author = {Joachims, Thorsten},
 chapter = {Making large-scale support vector machine learning practical},
 title = {Advances in kernel methods},
 editor = {Sch\"{o}lkopf, Bernhard and Burges, Christopher J. C. and Smola, Alexander J.},
 year = {1999},
 isbn = {0-262-19416-3},
 pages = {169--184},
 numpages = {16},
 acmid = {299104},
 publisher = {MIT Press},
 address = {Cambridge, MA, USA},
}

@book{Manning:2008:IIR:1394399,
 author = {Manning, Christopher D. and Raghavan, Prabhakar and Schtze, Hinrich},
 title = {Introduction to Information Retrieval},
 year = {2008},
 isbn = {0521865719, 9780521865715},
 publisher = {Cambridge University Press},
 address = {New York, NY, USA},
}

@article{Go_Bhayani_Huang_2009,
  added-at = {2011-11-16T13:47:43.000+0100},
  author = {Go, Alec and Bhayani, Richa and Huang, Lei},
  biburl = {http://www.bibsonomy.org/bibtex/27b69035cfbcccab96a665f33678c49bd/coca.alina},
  interhash = {2dc1e21bf5b3ebf7259154d92ec31146},
  intrahash = {7b69035cfbcccab96a665f33678c49bd},
  journal = {Processing},
  keywords = {2011 analysis semantic seminar talk twitter winter},
  pages = {1--6},
  timestamp = {2011-11-16T13:47:43.000+0100},
  title = {Twitter Sentiment Classification using Distant Supervision},
  year = 2009
}

@article{crammer2006online,
  title={Online passive-aggressive algorithms},
  author={Crammer, Koby and Dekel, Ofer and Keshet, Joseph and Shalev-Shwartz, Shai and Singer, Yoram},
  journal={The Journal of Machine Learning Research},
  volume={7},
  pages={551--585},
  year={2006},
  publisher={JMLR. org}
}

@inproceedings{petrovic2011rt,
  title={RT to Win! Predicting Message Propagation in Twitter.},
  author={Petrovic, Sasa and Osborne, Miles and Lavrenko, Victor},
  booktitle={ICWSM},
  year={2011}
}

@article{Pang:2008:OMS:1454711.1454712,
 author = {Pang, Bo and Lee, Lillian},
 title = {Opinion Mining and Sentiment Analysis},
 journal = {Found. Trends Inf. Retr.},
 issue_date = {January 2008},
 volume = {2},
 number = {1-2},
 month = jan,
 year = {2008},
 issn = {1554-0669},
 pages = {1--135},
 numpages = {135},
 acmid = {1454712},
 publisher = {Now Publishers Inc.},
 address = {Hanover, MA, USA},
}

@inproceedings{Agarwal:2011:PRU:2145432.2145499,
 author = {Agarwal, Deepak and Chen, Bee-Chung and Pang, Bo},
 title = {Personalized recommendation of user comments via factor models},
 booktitle = {Proceedings of the Conference on Empirical Methods in Natural Language Processing},
 series = {EMNLP '11},
 year = {2011},
 isbn = {978-1-937284-11-4},
 location = {Edinburgh, United Kingdom},
 pages = {571--582},
 numpages = {12},
 acmid = {2145499},
 publisher = {Association for Computational Linguistics},
 address = {Stroudsburg, PA, USA},
}

@inproceedings{artzi2012predicting,
  title={Predicting responses to microblog posts},
  author={Artzi, Yoav and Pantel, Patrick and Gamon, Michael},
  booktitle={Proceedings of the 2012 Conference of the North American Chapter of the Association for Computational Linguistics: Human Language Technologies},
  pages={602--606},
  year={2012},
  organization={Association for Computational Linguistics}
}

@inproceedings{kong2012predicting,
  title={Predicting lifespans of popular tweets in microblog},
  author={Kong, Shoubin and Feng, Ling and Sun, Guozheng and Luo, Kan},
  booktitle={Proceedings of the 35th international ACM SIGIR conference on Research and development in information retrieval},
  pages={1129--1130},
  year={2012},
  organization={ACM}
}

@article{gupta2012predicting,
  title={Predicting future popularity trend of events in microblogging platforms},
  author={Gupta, Manish and Gao, Jing and Zhai, ChengXiang and Han, Jiawei},
  journal={Proceedings of the American Society for Information Science and Technology},
  volume={49},
  number={1},
  pages={1--10},
  year={2012},
  publisher={Wiley Online Library}
}

@inproceedings{feng2013retweet,
  title={Retweet or not?: personalized tweet re-ranking},
  author={Feng, Wei and Wang, Jianyong},
  booktitle={Proceedings of the sixth ACM international conference on Web search and data mining},
  pages={577--586},
  year={2013},
  organization={ACM}
}

@inproceedings{hong2013co,
  title={Co-factorization machines: modeling user interests and predicting individual decisions in Twitter},
  author={Hong, Liangjie and Doumith, Aziz S and Davison, Brian D},
  booktitle={Proceedings of the sixth ACM international conference on Web search and data mining},
  pages={557--566},
  year={2013},
  organization={ACM}
}

@inproceedings{stieglitz2012political,
  title={Political Communication and Influence through Microblogging--An Empirical Analysis of Sentiment in Twitter Messages and Retweet Behavior},
  author={Stieglitz, Stefan and Dang-Xuan, Linh},
  booktitle={System Science (HICSS), 2012 45th Hawaii International Conference on},
  pages={3500--3509},
  year={2012},
  organization={IEEE}
}

@inproceedings{luo2012opinion,
  title={Opinion Retrieval in Twitter.},
  author={Luo, Zhunchen and Osborne, Miles and Wang, Ting},
  booktitle={ICWSM},
  year={2012}
}

@incollection{paltoglou2013subjectivity,
  title={Subjectivity annotation of the microblog 2011 realtime adhoc relevance judgments},
  author={Paltoglou, Georgios and Buckley, Kevan},
  booktitle={Advances in Information Retrieval},
  pages={344--355},
  year={2013},
  publisher={Springer}
}

@inproceedings{kim2006automatically,
  title={Automatically assessing review helpfulness},
  author={Kim, Soo-Min and Pantel, Patrick and Chklovski, Tim and Pennacchiotti, Marco},
  booktitle={Proceedings of the 2006 Conference on Empirical Methods in Natural Language Processing},
  pages={423--430},
  year={2006},
  organization={Association for Computational Linguistics}
}

@inproceedings{zhang2006utility,
  title={Utility scoring of product reviews},
  author={Zhang, Zhu and Varadarajan, Balaji},
  booktitle={Proceedings of the 15th ACM international conference on Information and knowledge management},
  pages={51--57},
  year={2006},
  organization={ACM}
}

@inproceedings{liu2007low,
  title={Low-Quality Product Review Detection in Opinion Summarization.},
  author={Liu, Jingjing and Cao, Yunbo and Lin, Chin-Yew and Huang, Yalou and Zhou, Ming},
  booktitle={EMNLP-CoNLL},
  pages={334--342},
  year={2007}
}

@article{Ghose:2011:EHE:2053026.2053262,
 author = {Ghose, Anindya and Ipeirotis, Panagiotis G.},
 title = {Estimating the Helpfulness and Economic Impact of Product Reviews: Mining Text and Reviewer Characteristics},
 journal = {IEEE Trans. on Knowl. and Data Eng.},
 issue_date = {October 2011},
 volume = {23},
 number = {10},
 month = oct,
 year = {2011},
 issn = {1041-4347},
 pages = {1498--1512},
 numpages = {15},
 acmid = {2053262},
 publisher = {IEEE Educational Activities Department},
 address = {Piscataway, NJ, USA},
 keywords = {Internet commerce, social media, user-generated content, textmining, word-of-mouth, product reviews, economics, sentiment analysis, online communities.},
}

@inproceedings{liu2008modeling,
  title={Modeling and predicting the helpfulness of online reviews},
  author={Liu, Yang and Huang, Xiangji and An, Aijun and Yu, Xiaohui},
  booktitle={Data Mining, 2008. ICDM'08. Eighth IEEE International Conference on},
  pages={443--452},
  year={2008},
  organization={IEEE}
}

@inproceedings{Danescu-Niculescu-Mizil:2009:ORO:1526709.1526729,
 author = {Danescu-Niculescu-Mizil, Cristian and Kossinets, Gueorgi and Kleinberg, Jon and Lee, Lillian},
 title = {How opinions are received by online communities: a case study on amazon.com helpfulness votes},
 booktitle = {Proceedings of the 18th international conference on World wide web},
 series = {WWW '09},
 year = {2009},
 isbn = {978-1-60558-487-4},
 location = {Madrid, Spain},
 pages = {141--150},
 numpages = {10},
 acmid = {1526729},
 publisher = {ACM},
 address = {New York, NY, USA},
 keywords = {online communities, opinion mining, plagiarism, review helpfulness, review utility, sentiment analysis, social influence},
} 

@inproceedings{Lu:2010:ESC:1772690.1772761,
 author = {Lu, Yue and Tsaparas, Panayiotis and Ntoulas, Alexandros and Polanyi, Livia},
 title = {Exploiting social context for review quality prediction},
 booktitle = {Proceedings of the 19th international conference on World wide web},
 series = {WWW '10},
 year = {2010},
 isbn = {978-1-60558-799-8},
 location = {Raleigh, North Carolina, USA},
 pages = {691--700},
 numpages = {10},
 acmid = {1772761},
 publisher = {ACM},
 address = {New York, NY, USA},
 keywords = {graph regularization, review helpfulness, review quality, social network},
}

@inproceedings{tsur2009revrank,
  title={RevRank: A Fully Unsupervised Algorithm for Selecting the Most Helpful Book Reviews.},
  author={Tsur, Oren and Rappoport, Ari},
  booktitle={ICWSM},
  year={2009}
}

@inproceedings{siersdorfer2010useful,
  title={How useful are your comments?: analyzing and predicting youtube comments and comment ratings},
  author={Siersdorfer, Stefan and Chelaru, Sergiu and Nejdl, Wolfgang and San Pedro, Jose},
  booktitle={Proceedings of the 19th international conference on World wide web},
  pages={891--900},
  year={2010},
  organization={ACM}
}

@inproceedings{jindal2010finding,
  title={Finding unusual review patterns using unexpected rules},
  author={Jindal, Nitin and Liu, Bing and Lim, Ee-Peng},
  booktitle={Proceedings of the 19th ACM international conference on Information and knowledge management},
  pages={1549--1552},
  year={2010},
  organization={ACM}
}

@inproceedings{chen2011user,
  title={User reputation in a comment rating environment},
  author={Chen, Bee-Chung and Guo, Jian and Tseng, Belle and Yang, Jie},
  booktitle={Proceedings of the 17th ACM SIGKDD international conference on Knowledge discovery and data mining},
  pages={159--167},
  year={2011},
  organization={ACM}
}

@inproceedings{tsaparas2011selecting,
  title={Selecting a comprehensive set of reviews},
  author={Tsaparas, Panayiotis and Ntoulas, Alexandros and Terzi, Evimaria},
  booktitle={Proceedings of the 17th ACM SIGKDD international conference on Knowledge discovery and data mining},
  pages={168--176},
  year={2011},
  organization={ACM}
}

@inproceedings{agarwal2011personalized,
  title={Personalized recommendation of user comments via factor models},
  author={Agarwal, Deepak and Chen, Bee-Chung and Pang, Bo},
  booktitle={Proceedings of the Conference on Empirical Methods in Natural Language Processing},
  pages={571--582},
  year={2011},
  organization={Association for Computational Linguistics}
}

@inproceedings{shmueli2012care,
  title={Care to comment?: recommendations for commenting on news stories},
  author={Shmueli, Erez and Kagian, Amit and Koren, Yehuda and Lempel, Ronny},
  booktitle={Proceedings of the 21st international conference on World Wide Web},
  pages={429--438},
  year={2012},
  organization={ACM}
}

@inproceedings{dalal2012multi,
  title={Multi-objective ranking of comments on web},
  author={Dalal, Onkar and Sengemedu, Srinivasan H and Sanyal, Subhajit},
  booktitle={Proceedings of the 21st international conference on World Wide Web},
  pages={419--428},
  year={2012},
  organization={ACM}
}

@inproceedings{mishra2012semi,
  title={Semi-supervised correction of biased comment ratings},
  author={Mishra, Abhinav and Rastogi, Rajeev},
  booktitle={Proceedings of the 21st international conference on World Wide Web},
  pages={181--190},
  year={2012},
  organization={ACM}
}

@inproceedings{mahajan2012logucb,
  title={LogUCB: an explore-exploit algorithm for comments recommendation},
  author={Mahajan, Dhruv Kumar and Rastogi, Rajeev and Tiwari, Charu and Mitra, Adway},
  booktitle={Proceedings of the 21st ACM international conference on Information and knowledge management},
  pages={6--15},
  year={2012},
  organization={ACM}
}

@inproceedings{jain2013topical,
  title={Topical organization of user comments and application to content recommendation},
  author={Jain, Vidit and Galbrun, Esther},
  booktitle={Proceedings of the 22nd international conference on World Wide Web companion},
  pages={61--62},
  year={2013},
  organization={International World Wide Web Conferences Steering Committee}
}

@inproceedings{jindal2007analyzing,
  title={Analyzing and detecting review spam},
  author={Jindal, Nitin and Liu, Bing},
  booktitle={Data Mining, 2007. ICDM 2007. Seventh IEEE International Conference on},
  pages={547--552},
  year={2007},
  organization={IEEE}
}

@inproceedings{lim2010detecting,
  title={Detecting product review spammers using rating behaviors},
  author={Lim, Ee-Peng and Nguyen, Viet-An and Jindal, Nitin and Liu, Bing and Lauw, Hady Wirawan},
  booktitle={Proceedings of the 19th ACM international conference on Information and knowledge management},
  pages={939--948},
  year={2010},
  organization={ACM}
}

@inproceedings{wang2011review,
  title={Review graph based online store review spammer detection},
  author={Wang, Guan and Xie, Sihong and Liu, Bing and Yu, Philip S},
  booktitle={Data Mining (ICDM), 2011 IEEE 11th International Conference on},
  pages={1242--1247},
  year={2011},
  organization={IEEE}
}

@inproceedings{mukherjee2011detecting,
  title={Detecting group review spam},
  author={Mukherjee, Arjun and Liu, Bing and Wang, Junhui and Glance, Natalie and Jindal, Nitin},
  booktitle={Proceedings of the 20th international conference companion on World wide web},
  pages={93--94},
  year={2011},
  organization={ACM}
}

@inproceedings{mukherjee2012spotting,
  title={Spotting fake reviewer groups in consumer reviews},
  author={Mukherjee, Arjun and Liu, Bing and Glance, Natalie},
  booktitle={Proceedings of the 21st international conference on World Wide Web},
  pages={191--200},
  year={2012},
  organization={ACM}
}

@inproceedings{li2011learning,
  title={Learning to identify review spam},
  author={Li, Fangtao and Huang, Minlie and Yang, Yi and Zhu, Xiaoyan},
  booktitle={Proceedings of the Twenty-Second international joint conference on Artificial Intelligence-Volume Volume Three},
  pages={2488--2493},
  year={2011},
  organization={AAAI Press}
}

@inproceedings{xie2012review,
  title={Review spam detection via temporal pattern discovery},
  author={Xie, Sihong and Wang, Guan and Lin, Shuyang and Yu, Philip S},
  booktitle={Proceedings of the 18th ACM SIGKDD international conference on Knowledge discovery and data mining},
  pages={823--831},
  year={2012},
  organization={ACM}
}

@inproceedings{morales2013synthetic,
  title={Synthetic review spamming and defense},
  author={Morales, Alex and Sun, Huan and Yan, Xifeng},
  booktitle={Proceedings of the 22nd international conference on World Wide Web companion},
  pages={155--156},
  year={2013},
  organization={International World Wide Web Conferences Steering Committee}
}

@article{katz1987estimation,
  title={Estimation of probabilities from sparse data for the language model component of a speech recognizer},
  author={Katz, Slava},
  journal={Acoustics, Speech and Signal Processing, IEEE Transactions on},
  volume={35},
  number={3},
  pages={400--401},
  year={1987},
  publisher={IEEE}
}

@inproceedings{boyd2010tweet,
  title={Tweet, tweet, retweet: Conversational aspects of retweeting on twitter},
  author={boyd, danah and Golder, Scott and Lotan, Gilad},
  booktitle={System Sciences (HICSS), 2010 43rd Hawaii International Conference on},
  pages={1--10},
  year={2010},
  organization={IEEE}
}

@inproceedings{nagarajan2010qualitative,
  title={A Qualitative Examination of Topical Tweet and Retweet Practices.},
  author={Nagarajan, Meenakshi and Purohit, Hemant and Sheth, Amit P},
  booktitle={ICWSM},
  year={2010}
}

@inproceedings{yang2010understanding,
  title={Understanding retweeting behaviors in social networks},
  author={Yang, Zi and Guo, Jingyi and Cai, Keke and Tang, Jie and Li, Juanzi and Zhang, Li and Su, Zhong},
  booktitle={Proceedings of the 19th ACM international conference on Information and knowledge management},
  pages={1633--1636},
  year={2010},
  organization={ACM}
}

@inproceedings{suh2010want,
  title={Want to be retweeted? large scale analytics on factors impacting retweet in twitter network},
  author={Suh, Bongwon and Hong, Lichan and Pirolli, Peter and Chi, Ed H},
  booktitle={Social Computing (SocialCom), 2010 IEEE Second International Conference on},
  pages={177--184},
  year={2010},
  organization={IEEE}
}

@inproceedings{zaman2010predicting,
  title={Predicting information spreading in twitter},
  author={Zaman, Tauhid R and Herbrich, Ralf and Van Gael, Jurgen and Stern, David},
  booktitle={Workshop on Computational Social Science and the Wisdom of Crowds, NIPS},
  volume={104},
  number={45},
  pages={17599--601},
  year={2010},
  organization={Citeseer}
}

@inproceedings{P:WebSci:2011:NaveedGKC,
  added-at = {2011-09-06T09:45:53.000+0200},
  author = {Naveed, Nasir and Gottron, Thomas and Kunegis, J{\'e}r{\^o}me and Alhadi, Arifah Che},
  biburl = {http://www.bibsonomy.org/bibtex/2772e595e56ca27a5ada3a5fc712e1175/tgottron},
  booktitle = {WebSci '11: Proceedings of the 3rd International Conference on Web	Science},
  interhash = {c46c03610b37e4a67cc8bc1d609a87be},
  intrahash = {772e595e56ca27a5ada3a5fc712e1175},
  keywords = {2011 acm interestingness twitter websci},
  timestamp = {2011-09-06T09:45:53.000+0200},
  title = {Bad News Travel Fast: A Content-based Analysis of Interestingness
	on Twitter},
  year = 2011
}

@inproceedings{l2013Luo_POR,
  title={Propagated Opinion Retrieval in Twitter.},
  author={Luo, Zhunchen and Wang, Ting},
  booktitle={WISE},
  year={2013}
}

@inproceedings{macskassy2011people,
  title={Why do people retweet? anti-homophily wins the day!},
  author={Macskassy, Sofus A and Michelson, Matthew},
  booktitle={ICWSM},
  year={2011}
}

@inproceedings{starbird2012will,
  title={(How) will the revolution be retweeted?: information diffusion and the 2011 Egyptian uprising},
  author={Starbird, Kate and Palen, Leysia},
  booktitle={Proceedings of the acm 2012 conference on computer supported cooperative work},
  pages={7--16},
  year={2012},
  organization={ACM}
}

@inproceedings{comarela2012understanding,
  title={Understanding factors that affect response rates in twitter},
  author={Comarela, Giovanni and Crovella, Mark and Almeida, Virgilio and Benevenuto, Fabricio},
  booktitle={Proceedings of the 23rd ACM conference on Hypertext and social media},
  pages={123--132},
  year={2012},
  organization={ACM}
}

@inproceedings{kupavskii2013predicting,
  title={Predicting the Audience Size of a Tweet},
  author={Kupavskii, Andrey and Umnov, Alexey and Gusev, Gleb and Serdyukov, Pavel},
  booktitle={Seventh International AAAI Conference on Weblogs and Social Media},
  year={2013}
  }

  @inproceedings{jenders2013analyzing,
  title={Analyzing and predicting viral tweets},
  author={Jenders, Maximilian and Kasneci, Gjergji and Naumann, Felix},
  booktitle={Proceedings of the 22nd international conference on World Wide Web companion},
  pages={657--664},
  year={2013},
  organization={International World Wide Web Conferences Steering Committee}
}

@inproceedings{ahmed2013peek,
  title={A peek into the future: predicting the evolution of popularity in user generated content},
  author={Ahmed, Mohamed and Spagna, Stella and Huici, Felipe and Niccolini, Saverio},
  booktitle={Proceedings of the sixth ACM international conference on Web search and data mining},
  pages={607--616},
  year={2013},
  organization={ACM}
}

@inproceedings{bao2013popularity,
  title={Popularity prediction in microblogging network: a case study on sina weibo},
  author={Bao, Peng and Shen, Hua-Wei and Huang, Junming and Cheng, Xue-Qi},
  booktitle={Proceedings of the 22nd international conference on World Wide Web companion},
  pages={177--178},
  year={2013},
  organization={International World Wide Web Conferences Steering Committee}
}

@inproceedings{cha2009measurement,
  title={A measurement-driven analysis of information propagation in the flickr social network},
  author={Cha, Meeyoung and Mislove, Alan and Gummadi, Krishna P},
  booktitle={Proceedings of the 18th international conference on World wide web},
  pages={721--730},
  year={2009},
  organization={ACM}
}

@inproceedings{kwak2010twitter,
  title={What is Twitter, a social network or a news media?},
  author={Kwak, Haewoon and Lee, Changhyun and Park, Hosung and Moon, Sue},
  booktitle={Proceedings of the 19th international conference on World wide web},
  pages={591--600},
  year={2010},
  organization={ACM}
}

@inproceedings{petrovic2010streaming,
  title={Streaming first story detection with application to twitter},
  author={Petrovi{\'c}, Sa{\v{s}}a and Osborne, Miles and Lavrenko, Victor},
  booktitle={Human Language Technologies: The 2010 Annual Conference of the North American Chapter of the Association for Computational Linguistics},
  pages={181--189},
  year={2010},
  organization={Association for Computational Linguistics}
}

@inproceedings{becker2011beyond,
  title={Beyond Trending Topics: Real-World Event Identification on Twitter.},
  author={Becker, Hila and Naaman, Mor and Gravano, Luis},
  booktitle={ICWSM},
  year={2011}
}

@inproceedings{weng2011event,
  title={Event Detection in Twitter.},
  author={Weng, Jianshu and Lee, Bu-Sung},
  booktitle={ICWSM},
  year={2011}
}

@article{naaman2011hip,
  title={Hip and trendy: Characterizing emerging trends on Twitter},
  author={Naaman, Mor and Becker, Hila and Gravano, Luis},
  journal={Journal of the American Society for Information Science and Technology},
  volume={62},
  number={5},
  pages={902--918},
  year={2011},
  publisher={Wiley Online Library}
}

@inproceedings{benson2011event,
  title={Event discovery in social media feeds},
  author={Benson, Edward and Haghighi, Aria and Barzilay, Regina},
  booktitle={Proceedings of the 49th Annual Meeting of the Association for Computational Linguistics: Human Language Technologies-Volume 1},
  pages={389--398},
  year={2011},
  organization={Association for Computational Linguistics}
}

@inproceedings{petrovic2012using,
  title={Using paraphrases for improving first story detection in news and Twitter},
  author={Petrovi{\'c}, Sa{\v{s}}a and Osborne, Miles and Lavrenko, Victor},
  booktitle={Proceedings of The 2012 Conference of the North American Chapter of the Association for Computational Linguistics: Human Language Technologies},
  pages={338--346},
  year={2012},
  organization={Association for Computational Linguistics}
}

@inproceedings{kanhabua2013understanding,
  title={Understanding the Diversity of Tweets in the Time of Outbreaks},
  author={Kanhabua, Nattiya and Nejdl, Wolfgang},
  booktitle={Proceedings of the 22nd international conference on World Wide Web companion},
  pages={1335--1342},
  year={2013},
  organization={International World Wide Web Conferences Steering Committee}
}

@inproceedings{sakaki2010earthquake,
  title={Earthquake shakes Twitter users: real-time event detection by social sensors},
  author={Sakaki, Takeshi and Okazaki, Makoto and Matsuo, Yutaka},
  booktitle={Proceedings of the 19th international conference on World wide web},
  pages={851--860},
  year={2010},
  organization={ACM}
}

@inproceedings{paul2011you,
  title={You Are What You Tweet: Analyzing Twitter for Public Health.},
  author={Paul, Michael J and Dredze, Mark},
  booktitle={ICWSM},
  year={2011}
}

@inproceedings{aramaki2011twitter,
  title={Twitter catches the flu: Detecting influenza epidemics using twitter},
  author={Aramaki, Eiji and Maskawa, Sachiko and Morita, Mizuki},
  booktitle={Proceedings of the Conference on Empirical Methods in Natural Language Processing},
  pages={1568--1576},
  year={2011},
  organization={Association for Computational Linguistics}
}

@inproceedings{abel2012twitcident,
  title={Twitcident: fighting fire with information from social web streams},
  author={Abel, Fabian and Hauff, Claudia and Houben, Geert-Jan and Stronkman, Richard and Tao, Ke},
  booktitle={Proceedings of the 21st international conference companion on World Wide Web},
  pages={305--308},
  year={2012},
  organization={ACM}
}

@inproceedings{yin2012esa,
  title={ESA: emergency situation awareness via microbloggers},
  author={Yin, Jie and Karimi, Sarvnaz and Robinson, Bella and Cameron, Mark},
  booktitle={Proceedings of the 21st ACM international conference on Information and knowledge management},
  pages={2701--2703},
  year={2012},
  organization={ACM}
}

@inproceedings{efron2011estimation,
  title={Estimation methods for ranking recent information},
  author={Efron, Miles and Golovchinsky, Gene},
  booktitle={Proceedings of the 34th international ACM SIGIR conference on Research and development in Information Retrieval},
  pages={495--504},
  year={2011},
  organization={ACM}
}

@inproceedings{metzler2012structured,
  title={Structured event retrieval over microblog archives},
  author={Metzler, Donald and Cai, Congxing and Hovy, Eduard},
  booktitle={Proceedings of the 2012 Conference of the North American Chapter of the Association for Computational Linguistics: Human Language Technologies},
  pages={646--655},
  year={2012},
  organization={Association for Computational Linguistics}
}


@article{soboroff2012evaluating,
  title={Evaluating real-time search over tweets},
  author={Soboroff, Ian and McCullough, Dean and Lin, Jimmy and Macdonald, Craig and Ounis, Iadh and McCreadie, Richard},
  journal={Proc. ICWSM},
  pages={943--961},
  year={2012}
}

@inproceedings{choi2012temporal,
  title={Temporal models for microblogs},
  author={Choi, Jaeho and Croft, W Bruce},
  booktitle={Proceedings of the 21st ACM international conference on Information and knowledge management},
  pages={2491--2494},
  year={2012},
  organization={ACM}
}

@inproceedings{meij2012adding,
  title={Adding semantics to microblog posts},
  author={Meij, Edgar and Weerkamp, Wouter and de Rijke, Maarten},
  booktitle={Proceedings of the fifth ACM international conference on Web search and data mining},
  pages={563--572},
  year={2012},
  organization={ACM}
}

@inproceedings{cassidy2012analysis,
  title={Analysis and Enhancement of Wikification for Microblogs with Context Expansion.},
  author={Cassidy, Taylor and Ji, Heng and Ratinov, Lev-Arie and Zubiaga, Arkaitz and Huang, Hongzhao},
  booktitle={COLING},
  pages={441--456},
  year={2012}
}

@inproceedings{osborne2012bieber,
  title={Bieber no more: First story detection using Twitter and Wikipedia},
  author={Osborne, Miles and Petrovic, Sasa and McCreadie, Richard and Macdonald, Craig and Ounis, Iadh},
  booktitle={Proceedings of the SIGIR Workshop on Time-aware Information Access},
  year={2012}
}

@inproceedings{dong2010time,
  title={Time is of the essence: improving recency ranking using twitter data},
  author={Dong, Anlei and Zhang, Ruiqiang and Kolari, Pranam and Bai, Jing and Diaz, Fernando and Chang, Yi and Zheng, Zhaohui and Zha, Hongyuan},
  booktitle={Proceedings of the 19th international conference on World wide web},
  pages={331--340},
  year={2010},
  organization={ACM}
}

@inproceedings{phelan2011using,
  title={On using the real-time web for news recommendation \& discovery},
  author={Phelan, Owen and McCarthy, Kevin and Bennett, Mike and Smyth, Barry},
  booktitle={Proceedings of the 20th international conference companion on World wide web},
  pages={103--104},
  year={2011},
  organization={ACM}
}

@inproceedings{tsagkias2011linking,
  title={Linking online news and social media},
  author={Tsagkias, Manos and de Rijke, Maarten and Weerkamp, Wouter},
  booktitle={Proceedings of the fourth ACM international conference on Web search and data mining},
  pages={565--574},
  year={2011},
  organization={ACM}
}

@inproceedings{becker2012identifying,
  title={Identifying content for planned events across social media sites},
  author={Becker, Hila and Iter, Dan and Naaman, Mor and Gravano, Luis},
  booktitle={Proceedings of the fifth ACM international conference on Web search and data mining},
  pages={533--542},
  year={2012},
  organization={ACM}
}

@inproceedings{petrovic2013can,
  title={Can Twitter replace Newswire for breaking news?},
  author={Petrovic, Sa{\v{s}}a and Osborne, Miles and McCreadie, Richard and Macdonald, Craig and Ounis, Iadh and Shrimpton, Luke},
  booktitle={Proceedings of the 7th International AAAI Conference on Weblogs and Social Media},
  year={2013}
}

@article{chang2013improving,
  title={Improving recency ranking using twitter data},
  author={Chang, Yi and Dong, Anlei and Kolari, Pranam and Zhang, Ruiqiang and Inagaki, Yoshiyuki and Diaz, Fernanodo and Zha, Hongyuan and Liu, Yan},
  journal={ACM Transactions on Intelligent Systems and Technology (TIST)},
  volume={4},
  number={1},
  pages={4},
  year={2013},
  publisher={ACM}
}

@article{page1999pagerank,
  title={The PageRank citation ranking: bringing order to the web.},
  author={Page, Lawrence and Brin, Sergey and Motwani, Rajeev and Winograd, Terry},
  year={1999},
  publisher={Stanford InfoLab}
}

@article{ahlqvist2008social,
  title={Social media roadmaps},
  author={Ahlqvist, Toni and B{\"a}ck, Asta and Halonen, Minna and Heinonen, Sirkka},
  journal={Helsinki: Edita Prima Oy},
  year={2008}
}

@article{CDBLP:62365,
  AUTHOR = "王文",
  TITLE = "Web 2.0时代的社交媒体与世界政治",
  JOURNAL = "外交评论：外交学院学报",
  VOLUME = {},
  NUMBER = {06},
  PAGES = {},
  YEAR = {2011},
  LANG = {zh}	
}

@article{stajner2013automatic,
  title={Automatic selection of social media responses to news},
  author={Stajner, Tadej and Thomee, Bart and Popescu, A and Jaimes, A},
  journal={ACM WSDM},
  year={2013}
}

@article{kothari2013detecting,
  title={Detecting Comments on News Articles in Microblogs},
  author={Kothari, Alok and Magdy, Walid and Kareem Darwish, Ahmed Mourad and Taei, Ahmed},
  journal={ICWSM 2013},
  year={2013}
}

@inproceedings{li2013exploiting,
  title={Exploiting hybrid contexts for Tweet segmentation},
  author={Li, Chenliang and Sun, Aixin and Weng, Jianshu and He, Qi},
  booktitle={Proceedings of the 36th international ACM SIGIR conference on Research and development in information retrieval},
  pages={523--532},
  year={2013},
  organization={ACM}
}

@incollection{zhang2013personalized,
  title={Personalized Web Search Using Emotional Features},
  author={Zhang, Jianwei and Minami, Katsutoshi and Kawai, Yukiko and Shiraishi, Yuhki and Kumamoto, Tadahiko},
  booktitle={Availability, Reliability, and Security in Information Systems and HCI},
  pages={69--83},
  year={2013},
  publisher={Springer}
}

@inproceedings{Luo:2013:RMF:2484028.2484158,
 author = {Luo, Zhunchen and Osborne, Miles and Tang, Jintao and Wang, Ting},
 title = {Who will retweet me?: finding retweeters in twitter},
 booktitle = {Proceedings of the 36th international ACM SIGIR conference on Research and development in information retrieval},
 series = {SIGIR '13},
 year = {2013},
 isbn = {978-1-4503-2034-4},
 location = {Dublin, Ireland},
 pages = {869--872},
 publisher = {ACM},
} 

@article{west2003introducing,
  title={Introducing communication theory: analysis and application with powerweb},
  author={West, Turner and Turner, L},
  year={2003}
}

@article{朱海青2013微博传播中,
  title={微博传播中 “沉默的螺旋”},
  author={朱海青},
  journal={青年记者},
  number={12},
  pages={43--44},
  year={2013},
  publisher={万方数据资源系统}
}

@book{whitepaper2014,
  title={大数据白皮书(2014)},
  author={工业和信息化部电信研究院},
  pages={1--33},
  year={2014}
}

@article{cambria2014jumping,
  title={Jumping NLP curves: A review of natural language processing research},
  author={Cambria, Erik and White, Bebo},
  journal={IEEE Computational Intelligence Magazine},
  volume={9},
  number={2},
  pages={48--57},
  year={2014}
}
@ARTICLE{6710245, 
author={Cambria, E. and White, B. and Durrani, T. and Howard, N.}, 
journal={Computational Intelligence Magazine, IEEE}, 
title={Computational Intelligence for Natural Language Processing [Guest Editorial]}, 
year={2014}, 
month={Feb}, 
volume={9}, 
number={1}, 
pages={19-63}, 
keywords={Computational modeling;Data mining;Natural language processing;Semantics;Special issues and sections}, 
doi={10.1109/MCI.2013.2291686}, 
ISSN={1556-603X},}

@article{kaplan2010users,
  title={Users of the world, unite! The challenges and opportunities of Social Media},
  author={Kaplan, Andreas M and Haenlein, Michael},
  journal={Business horizons},
  volume={53},
  number={1},
  pages={59--68},
  year={2010},
  publisher={Elsevier}
}
@article{kaplan2010users,
  title={Users of the world, unite! The challenges and opportunities of Social Media},
  author={Kaplan, Andreas M and Haenlein, Michael},
  journal={Business horizons},
  volume={53},
  number={1},
  pages={59--68},
  year={2010},
  publisher={Elsevier}
}

